@misc{wificard1,
  author =       {MattS-UK},
  title =        {Arduino WiFiClient (TCP)},
  howpublished =
                  {\url{http://mssystems.emscom.net/helpdesk/knowledgebase.php?article=51}},
  month =        {November},
  year =         {2013},
  note =         {(Last visited on 01/10/2016)}
}


@misc{wificard2,
  author =       {{Group discussion}},
  title =        {WiFi shield TCP to webserver is very slow},
  howpublished = {\url{http://forum.arduino.cc/index.php?topic=123824.0}},
  month =        {September},
  year =         2012,
  note =         {(Last visited on 01/10/2016)}
}


@misc{ESP8266,
  author =       {NURDSpace},
  title =        {ESP8266 - NURDspace},
  howpublished = {\url{http://nurdspace.nl/ESP8266}},
  month =        {November},
  year =         2014,
  note =         {(Last visited on 01/10/2016)}
}


@misc{motorshield,
  author =       {{Arduino LLC}},
  title =        {Arduino - Arduino Motor Shield},
  howpublished = {\url{https://www.arduino.cc/en/Main/ArduinoMotorShieldR3}},
  note =         {(Last Visited on 01/10/2016)}
}

@misc{wifishield,
  author =       {{Arduino LLC}},
  title =        {Arduino - Arduino WiFi Shield},
  howpublished = {\url{https://www.arduino.cc/en/Main/ArduinoWiFiShield}},
  note =         {(Last Visited on 01/10/2016)}
}


@misc{arduinodue,
  author =       {{Arduino LLC}},
  title =        {Arduino - Arduino Due},
  howpublished = {\url{https://www.arduino.cc/en/Main/ArduinoBoardDue}},
  note =         {(Last Visited on 01/10/2016)}
}

@misc{motors,
author = {{Reductor Motor}},
title = {RH158.12 , RH158.24 micromotors},
howpublished = {\url{http://www.reductor-motor.com/eng-micRH158.htm}},
note = {(Last Visited on 01/17/2016)}
}

@misc{mje,
author = {Michael Flo√ümann and Tom Olsson},
title = {{Laboration 1: PID Controls}},
month = {Nov},
year = 2015,
note = {unpublished}
}
